<collection xmlns="http://www.loc.gov/MARC21/slim">
<record>
  <leader>01306nam0a22002771i 450 </leader>
  <controlfield tag="001">IT\ICCU\CNCE\071714</controlfield>
  <controlfield tag="005">20080117000000.0</controlfield>
  <datafield tag="012" ind1=" " ind2=" ">
    <subfield code="a">ero- uiur u-u- uia, (C) 1567 (A)</subfield>
    <subfield code="2">fei</subfield>
  </datafield>
  <datafield tag="100" ind1=" " ind2=" ">
    <subfield code="a">20070828d1567        0itac0103    ba</subfield>
  </datafield>
  <datafield tag="101" ind1=" " ind2=" ">
    <subfield code="a">LAT</subfield>
  </datafield>
  <datafield tag="102" ind1=" " ind2=" ">
    <subfield code="a">IT</subfield>
  </datafield>
  <datafield tag="200" ind1="1" ind2=" ">
    <subfield code="a">Oratio Neapoli in coenobio diui Laurentii ad patres pro Natalitiis domini celebrandis habita a fratre Euangelista Pelleo Frcensi \!! conuentuali Franciscano inter baccalaureos non postremo</subfield>
  </datafield>
  <datafield tag="210" ind1=" " ind2=" ">
    <subfield code="a">Neapoli</subfield>
    <subfield code="c">excudebat Io. de Boy</subfield>
    <subfield code="d">1567</subfield>
  </datafield>
  <datafield tag="215" ind1=" " ind2=" ">
    <subfield code="a">\8! c.</subfield>
    <subfield code="d">4ʻ</subfield>
  </datafield>
  <datafield tag="620" ind1=" " ind2=" ">
    <subfield code="a">IT</subfield>
    <subfield code="d">Napoli</subfield>
  </datafield>
  <datafield tag="700" ind1=" " ind2="1">
    <subfield code="a">Pelleo,</subfield>
    <subfield code="b">Evangelista</subfield>
    <subfield code="3">IT\ICCU\CNCA\028628</subfield>
  </datafield>
  <datafield tag="712" ind1="0" ind2="0">
    <subfield code="a">De_Boy, Giovanni</subfield>
    <subfield code="3">IT\ICCU\CNCT\000638</subfield>
    <subfield code="4">650</subfield>
  </datafield>
  <datafield tag="790" ind1=" " ind2="1">
    <subfield code="a">Pelleus,</subfield>
    <subfield code="b">Evangelista</subfield>
    <subfield code="3">IT\ICCU\CNCA\028630</subfield>
    <subfield code="z">Pelleo, Evangelista</subfield>
  </datafield>
  <datafield tag="790" ind1=" " ind2="1">
    <subfield code="a">Pelleus,</subfield>
    <subfield code="b">Ioannes Evangelista</subfield>
    <subfield code="3">IT\ICCU\CNCA\028631</subfield>
    <subfield code="z">Pelleo, Evangelista</subfield>
  </datafield>
  <datafield tag="791" ind1="0" ind2="0">
    <subfield code="a">Boy, Giovanni de</subfield>
    <subfield code="3">IT\ICCU\CNCT\003153</subfield>
    <subfield code="z">De_Boy, Giovanni</subfield>
  </datafield>
  <datafield tag="791" ind1="0" ind2="0">
    <subfield code="a">Du_Boy, Giovanni</subfield>
    <subfield code="3">IT\ICCU\CNCT\003158</subfield>
    <subfield code="z">De_Boy, Giovanni</subfield>
  </datafield>
  <datafield tag="791" ind1="0" ind2="0">
    <subfield code="a">Boyus, Ioannes</subfield>
    <subfield code="3">IT\ICCU\CNCT\004524</subfield>
    <subfield code="z">De_Boy, Giovanni</subfield>
  </datafield>
  <datafield tag="791" ind1="0" ind2="0">
    <subfield code="a">Boy, Ioannes</subfield>
    <subfield code="3">IT\ICCU\CNCT\004525</subfield>
    <subfield code="z">De_Boy, Giovanni</subfield>
  </datafield>
  <datafield tag="791" ind1="0" ind2="0">
    <subfield code="a">Della_Selva, Giovanni</subfield>
    <subfield code="3">IT\ICCU\CNCT\004526</subfield>
    <subfield code="z">De_Boy, Giovanni</subfield>
  </datafield>
  <datafield tag="801" ind1=" " ind2="3">
    <subfield code="a">IT</subfield>
    <subfield code="b">ICCU</subfield>
    <subfield code="c">20201115</subfield>
  </datafield>
  <datafield tag="899" ind1=" " ind2=" ">
    <subfield code="a">Biblioteca Apostolica Vaticana. Citt ̉del Vaticano</subfield>
    <subfield code="1">EX0001</subfield>
    <subfield code="2">ZCV 01</subfield>
  </datafield>
</record>
</collection>
